@INPROCEEDINGS{VisualTrackingAndNavigation, 
	author={Watanabe, Y. and Fabiani, P. and Le Besnerais, G.}, 
	booktitle={Advanced Robotics, 2009. ICAR 2009. International Conference on}, 
	title={Simultaneous visual target tracking and navigation in a GPS-denied environment}, 
	year={2009}, 
	month={Birželis}, 
	pages={1-6}, 
	keywords={Kalman filters;image processing;path planning;remotely operated vehicles;robot vision;telerobotics;Image processing;extended Kalman filter;onboard inertial sensor measurements;optical flow;pixel coordinates;target navigation;unmanned aerial vehicle;visual navigation system;visual target tracking;Image motion analysis;Image processing;Image sensors;Navigation;Optical filters;Optical sensors;Pixel;Position measurement;Target tracking;Unmanned aerial vehicles}
}

@INPROCEEDINGS{RoadDetection12, 
	author={Yucong Lin and Saripalli, S.}, 
	booktitle={Robotics and Automation (ICRA), 2012 IEEE International Conference on}, 
	title={Road detection from aerial imagery}, 
	year={2012}, 
	month={Gegužė}, 
	pages={3588-3593}, 
	keywords={Hough transforms;autonomous aerial vehicles;geographic information systems;image segmentation;object detection;pattern clustering;probability;roads;UAV;aerial imagery;bifurcating road;clustering method;desert image;histogram-based adaptive threshold algorithm;intersecting road;line segment detection;probabilistic Hough transform;road detection;unmanned aerial vehicle;urban image;Cameras;Detection algorithms;Image segmentation;Land vehicles;Roads;Robustness;Transforms}, 
	doi={10.1109/ICRA.2012.6225112}, 
	ISSN={1050-4729},
}
@article {WildernessSearchAndRescue,
	author = {Goodrich, Michael A. and Morse, Bryan S. and Gerhardt, Damon and Cooper, Joseph L. and Quigley, Morgan and Adams, Julie A. and Humphrey, Curtis},
	title = {Supporting wilderness search and rescue using a camera-equipped mini UAV},
	journal = {Journal of Field Robotics},
	volume = {25},
	number = {1-2},
	publisher = {Wiley Subscription Services, Inc., A Wiley Company},
	issn = {1556-4967},
	url = {http://dx.doi.org/10.1002/rob.20226},
	doi = {10.1002/rob.20226},
	pages = {89--110},
	year = {2008},
}

@article{GPSAccuracyInCity,
	title={Field trial on GPS Accuracy in a medium size city: The influence of built-up},
	author={Modsching, Marko and Kramer, Ronny and ten Hagen, Klaus},
	journal={3rd Workshop on Positioning, Navigation and Communication},
	pages={209--218},
	year={2006}
}


@phdthesis{Con:2009:214103,
	author = {Gianpaolo Conte},
	title = {{Vision-Based Localization and Guidance for Unmanned Aerial Vehicles}},
	chapter ={5},
	pages = {61--112},
	year = {2009},
	series = {Linköping Studies in Science and Technology. Dissertations},
	volume = {1260},
	publisher = {Linköping University Electronic Press},
	school = {Linköpings universitet},
	institution = {Linköpings universitet, Department of Computer and Information Science},
	isbn = {978-91-7393-603-3},
	issn = {0345-7524},
}

@INPROCEEDINGS{DesignEKF, 
	author={Guoqiang Mao and Drake, S. and Anderson, B.D.O.}, 
	booktitle={Information, Decision and Control, 2007. IDC '07}, 
	title={Design of an Extended Kalman Filter for UAV Localization}, 
	year={2007}, 
	month={Vasaris}, 
	pages={224-229}, 
	keywords={Global Positioning System;aerospace control;navigation;nonlinear filters;remotely operated vehicles;GPS signal;Global Positioning System;UAV localization;extended Kalman filter;interUAV distance measurement;navigation;unmanned aerial vehicle;Australia;Automotive engineering;Control design;Design engineering;Distance measurement;Global Positioning System;Interference;Loss measurement;Navigation;Unmanned aerial vehicles}, 
	doi={10.1109/IDC.2007.374554},
}

@inproceedings{BaBl09,
	address = {Miami, Florida},
	author = {Bazzani, L. and Bloisi, D. and Murino, V.},
	booktitle = {Performance Evaluation of Tracking and Surveillance workshop at CVPR},
	citeulike-article-id = {5927918},
	pages = {47--54},
	title = {A Comparison of Multi Hypothesis Kalman Filter and Particle Filter for Multi-target Tracking},
	year = {2009}
}

@techreport{malis:inria-00174036,
	TITLE = {{Deeper understanding of the homography decomposition for vision-based control}},
	AUTHOR = {Malis, Ezio and Vargas, Manuel},
	URL = {https://hal.inria.fr/inria-00174036},
	TYPE = {Research Report},
	NUMBER = {RR-6303},
	PAGES = {90},
	YEAR = {2007},
	KEYWORDS = {Visual servoing ; planar objects ; homography ; decomposition ; camera calibration errors ; structure from motion ; Euclidean},
	PDF = {https://hal.inria.fr/inria-00174036/file/RR-6303.pdf},
	HAL_ID = {inria-00174036},
	HAL_VERSION = {v3},
}

@INPROCEEDINGS{SVO:FastVisualodOmetry, 
	author={Forster, C. and Pizzoli, M. and Scaramuzza, D.}, 
	booktitle={Robotics and Automation (ICRA), 2014 IEEE International Conference on}, 
	title={SVO: Fast semi-direct monocular visual odometry}, 
	year={2014}, 
	month={Gegužė}, 
	pages={15-22}, 
	keywords={autonomous aerial vehicles;control engineering computing;distance measurement;embedded systems;motion estimation;probability;robot vision;stereo image processing;3D points;GPS-denied environments;SVO;consumer laptop;fast semidirect monocular visual odometry;high frame-rate motion estimation;micro-aerial-vehicle state-estimation;onboard embedded computer;open-source software;outlier measurements;pixel intensities;probabilistic mapping method;subpixel precision;Cameras;Feature extraction;Motion estimation;Optimization;Robustness;Three-dimensional displays;Tracking}, 
	doi={10.1109/ICRA.2014.6906584},}

@article{cui2009curve,
	title={Curve matching for open 2D curves},
	author={Cui, Ming and Femiani, John and Hu, Jiuxiang and Wonka, Peter and Razdan, Anshuman},
	journal={Pattern Recognition Letters},
	volume={30},
	number={1},
	pages={1--10},
	year={2009},
	publisher={Elsevier}
}

@article{wang20072d,
	title={2D affine-invariant contour matching using B-spline model},
	author={Wang, Yue and Teoh, Eam Khwang},
	journal={Pattern Analysis and Machine Intelligence, IEEE Transactions on},
	volume={29},
	number={10},
	pages={1853--1858},
	year={2007},
	publisher={IEEE}
}
@INPROCEEDINGS{Abbasi99, 
	author={Abbasi, S. and Mokhtarian, F.}, 
	booktitle={Computer Vision, 1999. The Proceedings of the Seventh IEEE International Conference on}, 
	title={Shape similarity retrieval under affine transform: application to multi-view object representation and recognition}, 
	year={1999}, 
	month={}, 
	volume={1}, 
	pages={450-455 vol.1}, 
	keywords={image representation;image retrieval;object recognition;very large databases;visual databases;2D shapes;affine transform;affine transforms;aircraft;arc length parametrisation;boundary contours;curvature scale space;image databases;image representation;large database;multi-view object representation;object recognition;shape similarity retrieval;shape-based retrieval;silhouette contours;Aircraft;Cascading style sheets;Image databases;Image recognition;Image retrieval;Information retrieval;Prototypes;Robustness;Shape;Stability}, 
	doi={10.1109/ICCV.1999.791255}
}

@InBook{brunelli2008template,
	author = {Brunelli, Roberto},
	title = {Template matching techniques in computer vision},
	chapter = {Computational aspects of	template matching},
	pages = {201--220},
	publisher = {John Wiley \& Sons Ltd},
	year = {2009},
}


@article {GpsVulnerability,
	author = {Ali Jafarnia-Jahromi, Ali Broumandan, John Nielsen, and Gérard Lachapelle},
	title = {GPS Vulnerability to Spoofing Threats and a Review of Antispoofing Techniques},
	journal = {International Journal of Navigation and Observation},
	volume = {12},
	url = {http://dx.doi.org/10.1155/2012/127072},
	doi = {10.1155/2012/127072},
	pages = {16},
	year = {2012}
}

@book{siegwart2011introduction,
	title={Introduction to Autonomous Mobile Robots},
	author={Siegwart, R. and Nourbakhsh, I.R. and Scaramuzza, D.},
	isbn={9780262015356},
	lccn={2010028053},
	series={Intelligent robotics and autonomous agents},
	year={2011},
	publisher={MIT Press}
}

@book{thrun2005probabilistic,
	title={Probabilistic Robotics},
	author={Thrun, S. and Burgard, W. and Fox, D.},
	isbn={9780262201629},
	lccn={2005043346},
	series={Intelligent robotics and autonomous agents},
	year={2005},
	publisher={MIT Press}
}

@ARTICLE{Gustafsson2010, 
	author={Gustafsson, F.}, 
	journal={Aerospace and Electronic Systems Magazine, IEEE}, 
	title={Particle filter theory and practice with positioning applications}, 
	year={2010}, 
	month={Liepa}, 
	volume={25}, 
	number={7}, 
	pages={53-82}, 
	keywords={Bayes methods;Kalman filters;mass spectrometer accessories;particle filtering (numerical methods);EKF;PMF;extended Kalman filter;nonlinear Bayesian filtering problem;nonlinear filtering problem;numerical approximation;particle filter theory;point mass filter;positioning applications;Bayesian methods;Filtering algorithms;Filtering theory;Guidelines;Information systems;Nonlinear equations;Numerical models;Particle filters;Position measurement;Solid modeling;Statistics;Three dimensional displays;Tutorials}, 
	doi={10.1109/MAES.2010.5546308}, 
	ISSN={0885-8985},}

@ARTICLE{JulierUhlmann2004, 
	author={Julier, S.J. and Uhlmann, J.K.}, 
	journal={Proceedings of the IEEE}, 
	title={Unscented filtering and nonlinear estimation}, 
	year={2004}, 
	month={Kovas}, 
	volume={92}, 
	number={3}, 
	pages={401-422}, 
	keywords={Kalman filters;covariance analysis;filtering theory;nonlinear estimation;nonlinear filters;nonlinear systems;EKF;extended Kalman filter;nonlinear estimation;nonlinear systems;nonlinear transformations;unscented filtering;unscented transformation;Chemical processes;Control systems;Filtering;Kalman filters;Navigation;Nonlinear control systems;Nonlinear systems;Particle tracking;Target tracking;Vehicles}, 
	doi={10.1109/JPROC.2003.823141}, 
	ISSN={0018-9219},}